@article{sokobanMA,
   author = {Timo Virkkala},
   title = {Solving Sokoban},
   journal = {University of Helsinki - Master's Thesis},
   year = {2011}
 }

@article{highlevelSokoban,
   author = {Adi Botea, Martin MÃ¼ller, Jonathan Schaeffer},
   title = {Using Abstraction for Planning in Sokoban},
   journal = {unknown},
   year = {unknown}
 }

@article{JO,
   author = {Jeff Orkin},
   title = {Three States and a Plan: The A.I. of F.E.A.R.},
   journal = {GDC},
   year = {2006}
 }
